%%%%%%%%%%%%%%%%%%%%%%%%%%%%%%%%%%VARIABLES%%%%%%%%%%%%%%%%%%%%%%%%%%%%%
%
%
%%%%%%%%%%%%%%%%%%%%%%%%%%%%%%%%%%BIBLIOGRAPHY%%%%%%%%%%%%%%%%%%%%%%%%%%

@INPROCEEDINGS{Atkinson89,
  AUTHOR =       "M. Atkinson and F. Bancilhon and D. DeWitt and K. Dittich and D. Maier and S. Zdonik",
  TITLE =        "The Object-Oriented Database System Manifesto",
  BOOKTITLE =    "Proceedings of International Conference on Deductive and Object-Oriented Databases",
  YEAR =         "1989",
  organization = "DOOD 89",
  pages =        "40-57",}

@INPROCEEDINGS{Abiteboul91,
  AUTHOR =       "S. Abiteboul and A. Bonner",
  TITLE =        "Object and Views",
  BOOKTITLE =    "Proceedings of International Conference on Management of Data",
  YEAR =         "1991",
  pages =        "238-247",
  organization = "ACM SIGMOD",}

@INPROCEEDINGS{Batini86,
  AUTHOR =       "C. Batini and M. Lenzerini and S. B. Navathe",
  TITLE =        "A Comparative Analysis of Methodologies for Database Schema Integration",
  BOOKTITLE =    "ACM Computing Surveys",
  YEAR =         "1986",
  volume =       "18",
  number =       "4",
  pages =        "321-364",
  month =        "December",}

@CONFERENCE{Bertino92,
  author =       {E. Bertino},
  title =        {A View Mechanism for Object-Oriented Databases},
  booktitle =    {3rd International Conference on Extending Database Technology},
  year =         {1992},
  pages  =       {136-151},
  organization = {EDBT 92},}

@BOOK{Bertino93,
  AUTHOR =       "E. Bertino and L. Martino",
  TITLE =        "Object Oriented Database Systems: Concepts and Architectures",
  PUBLISHER =    "Adison-Wesley Publishing Company, Inc.",
  YEAR =         "1993",
  address =      "Massachusetts, E.U.A.",}

@INPROCEEDINGS{Beeri89,
  AUTHOR =       "C. Beeri",
  TITLE =        "Formal Models for Object Oriented Databases",
  BOOKTITLE =    "Proceedings of the First International Conference on Deductive and Object-Oriented Databases {(DOOD 89)}",
  YEAR =         "1989",
  pages =        "405-430",}

@BOOK{Bjrnerstedt89,
  AUTHOR =       "A. Björnerstedt and C. Hultén",
  editor =       "W. Kim and F. H. Lochovsky",
  TITLE =        "Object-Oriented Concepts, Databases, and Applications",
  PUBLISHER =    "ACM Press",
  YEAR =         "1989",
  address =      "New York",}

@PHDTHESIS{Bratsberg93,
  AUTHOR =       "Svein Erik Bratsberg",
  TITLE =        "Evolution and Integration of Classes in Object-Oriented Databases",
  SCHOOL =       "Department of Computer Systems and Telematics, Norwegian Institute of Technology",
  YEAR =         "1993",
  _address =      "",
  month =        "June",}

@INPROCEEDINGS{Buchheit94,
  AUTHOR =       "M. Buchheit and M. Jeusfeld and W. Nutt and M. Staudt",
  TITLE =        "Subsumption between Queries to Object-Oriented Databases",
  BOOKTITLE =    "Proceedings of International Conference on Extending Database Technology {(EDBT 94)}",
  YEAR =         "1994",
  pages =        "15-22",}

@BOOK{Catell94,
  AUTHOR =       "R. G. Catell",
  TITLE =        "Object Data Management",
  PUBLISHER =    "Addison-Wesley Publishers Inc.",
  YEAR =         "1994",}

@BOOK{Catell00,
  AUTHOR =       "R. Cattell and D. Barry and M. Berler and J. Eastman and D. Jordan and C. Russell and O. Schadow and T. Stanienda and F. Velez",
  TITLE =        "The Object Database Standard: ODMG 3.0",
  PUBLISHER =    "Morgan Kaufmann Publishers Inc.",
  YEAR =         "2000",}

@BOOK{Catell97,
  AUTHOR =       "R. Catell and D. Barry and D. Bartels and M. Berler and J. Eastman and S. Gamerman and D. Jordan and A. Springer and H. Strickland and D. Wade",
  TITLE =        "The Object Database Standard: ODMG 2.0",
  PUBLISHER =    "Morgan Kaufmann Publishers Inc.",
  YEAR =         "1997",}

@BOOK{Catell93,
  AUTHOR =       "R. Cattell and T. Atwood and J. Duhl and G. Ferran and M. Loomis and D. Wade and D. Barry and J. Eastman and D. Jordan",
  TITLE =        "The Object Database Standard ODMG-93",
  PUBLISHER =    "Morgan Kaufmann Publishers Inc.",
  YEAR =         "1993",}

@CONFERENCE{Chou86,
  author =       {H. T. Chou and W. Kim},
  title =        {A unifying framework for version control in a CAD environment},
  booktitle =    {International conference on Very Large Data Bases},
  year =         {1986},
  address =      {Kyoto, Japan},
  month =        {August},}

@ARTICLE{Codd70,
  AUTHOR =       "E. F. Codd",
  TITLE =        "A Relational Model of Data for Large Shared Data Banks",
  JOURNAL =      "Communications of the ACM",
  YEAR =         "1970",
  volume =       "Vol 13",
  number =       "Nº 6",
  pages =        "pages 377-387",}

@INPROCEEDINGS{Dewitt90,
  AUTHOR =       "D. J. Dewitt and P. Futtersack and D. Maier and F. Velez",
  TITLE =        "A Study of Three Alternative Worksation-Server Architectures for Object-Oriented Database Systems",
  BOOKTITLE =    "Proceedings of the 16th VLDB Conference",
  YEAR =         "1990",
  address =      "Australia",}

@ARTICLE{Dittrich97,
  AUTHOR =       "K. D. Dittrich and A. Geppert",
  TITLE =        "Object-Oriented DBMS and Beyond",
  JOURNAL =      "Proceedings 24th Seminar on Current Trends in Theory and Practice of Informatics",
  YEAR =         "1997",
  pages =        "275-294",}

@BOOK{Elmasri00,
  AUTHOR =       {R. Elmasri and S. B. Navathe},
  TITLE =        {Fundamentals of Database Systems},
  PUBLISHER =    {The Benjamín/Cummings Publishing Company, Inc.},
  YEAR =         {2000},
  edition =      {Third},}

@ARTICLE{Fauvet92,
  AUTHOR =       "M.C. Fauvet",
  TITLE =        "Version and histories in object-oriented applications",
  JOURNAL =      "Simpósio brasileiro de banco de dados",
  YEAR =         "1992",
  pages =        "pp.319-337",
  month =        "Maio",}

@INCOLLECTION{Formica98,
  AUTHOR =       "A. Formica and H. Gröger and M. Missikoff",
  TITLE =        "An Efficient Method for Checking Object-Oriented Database Schema Correctness",
  BOOKTITLE =    "ACM Transactions on Database Systems",
  PUBLISHER =    "ACM Inc.",
  YEAR =         "1998",
  volume =       "23",
  number =       "3",
  pages =        "334-369",}

@PHDTHESIS{Galante01,
  AUTHOR =       "Renata de M. Galante",
  TITLE =        "Evolução de Esquemas em Bancos de Dados Orientados a Objetos com o emprego de versões",
  SCHOOL =       "Instituto de Informática-UFRGS",
  YEAR =         "2001",
  month =        "Junho",}

@ARTICLE{Mateos00,
  AUTHOR =       "G. García Mateos and J. García Molina and M. Ortín Ibáñez",
  TITLE =        "Inclusión de Vistas en \textsc{ODMG}",
  JOURNAL =      "Jornadas de Ingeniería del Software y Bases de Datos {(JISBD 2000)}",
  YEAR =         "2000",
  pages =        "383-395",}

@INCOLLECTION{Guerrini97,
  AUTHOR =       "G. Guerrini and E. Bertino and B. Catania and J. García Molina",
  TITLE =        "A Formal Model of Views for Object-Oriented Database Systems",
  BOOKTITLE =    "Theory and Practice of Object Systems",
  YEAR =         "1997",
  volume =       "3",
  number =       "4",}

@ARTICLE{Goledziner93,
  AUTHOR =       "Lia Goldstein Goledziner and Clesio Saraiva dos Santos",
  TITLE =        "Versões em Bancos de Dados Orientados a Objetos",
  JOURNAL =      "Simpósio brasileiro de banco de dados",
  YEAR =         "1993",
  pages =        "pp.7-20",
  month =        "Maio",}

@ARTICLE{Hanson91,
  AUTHOR =       "E.N. Hanson and T. M. Harvey and M.A. Roth",
  TITLE =        "Experiences in DBMS Implementation Using an Object-oriented Persistent Programming Language and a Database Toolkit",
  JOURNAL =      "OOPSLA 91",
  YEAR =         "1991",
  pages =        "314-328",}

@INPROCEEDINGS{Huarsaya02,
  AUTHOR =       "Henry Huarsaya",
  TITLE =        "Modelo de Evolución entre esquemas conceptuales de Bases de Datos basado en una arquitectura \textsc{ANFIS}",
  BOOKTITLE =    "Workshop Chileno de Bases de Datos",
  YEAR =         "2002",
  pages =        "59-68",
  address =      "Copiapó, Chile",
  month =        "Noviembre",
  organization = "JCC",}

@INCOLLECTION{Katz90,
  AUTHOR =       "R. H. Katz",
  TITLE =        "Toward a unified framework for version modeling in engineering databases",
  BOOKTITLE =    "ACM Computing Surveys",
  YEAR =         "1990",
  volume =       "22",
  number =       "4",
  pages =        "375-408",
  address =      "New York",
  month =        "December",}

@BOOK{Kirtland99,
  AUTHOR =       "M. Kirtland",
  TITLE =        "Designing Component-Based Applications",
  PUBLISHER =    "Microsoft Press",
  YEAR =         "1999",}

@INPROCEEDINGS{Kim89,
  AUTHOR =       "W. Kim",
  TITLE =        "A Model of Queries for Object-Oriented Databases",
  BOOKTITLE =    "Proceedings of International Conference on Very Large Data Bases {VLDB 89}",
  YEAR =         "1989",
  pages =        "423-432",}

@BOOK{Kim91,
  AUTHOR =       "Won Kim",
  TITLE =        "Introduction to Object-Oriented Databases",
  PUBLISHER =    "The MIT Press",
  YEAR =         "1991",
  address =      "London, United Kingdom",}

@INPROCEEDINGS{Kim93,
  AUTHOR =       "Won Kim",
  TITLE =        "Object-Oriented Database Systems: Promises, Reality, and Future",
  BOOKTITLE =    "Proceedings of the 19th International Conference on Very Large Data Bases",
  YEAR =         "1993",
  pages =        "676-687",
  organization = "VLDB 93",}

@ARTICLE{Kim95,
  AUTHOR =       "W. Kim and W. Kelley",
  TITLE =        "On View Support in Object Oriented Database Systems",
  JOURNAL =      "Modern Database Systems",
  YEAR =         "1995",
  pages =        "108-129",}

@INPROCEEDINGS{Katz90,
  AUTHOR =       "R.H. Katz",
  TITLE =        "Toward a unified framework for version modeling in engineering databases",
  BOOKTITLE =    "ACM Computing Surveys",
  YEAR =         "1990",
  volume =       "22",
  number =       "4",
  pages =        "375-408",
  address =      "New York, EUA.",
  month =        "December",}

@CONFERENCE{Khoshafian86,
  author =       {S. Khoshafian and G. Copeland},
  title =        {Object Identity},
  booktitle =    {Proceedings of the Conference on Object Oriented Programming Systems and Languages},
  year =         {1986},
  address =      {Oregon, EUA.},
  organization = {OOPSLA},}

@INPROCEEDINGS{Kifer92,
  AUTHOR =       "M. Kifer and W. Kim and Y. Sagiv",
  TITLE =        "Querying Object-Oriented Databases",
  BOOKTITLE =    "Proceedings of International Conference on Management of Data",
  YEAR =         "1992",
  pages =        "393-402",
  organization = "ACM SIGMOD",}

@ARTICLE{Kuno96,
  AUTHOR =       "H. A. Kuno and E. A. Rundensteiner",
  TITLE =        "The MultiView OODB View System: Design and Implementation",
  JOURNAL =      "Theory and Practice of Object Systems",
  YEAR =         "1996",
  pages =        "pp. 202-225",}

@ARTICLE{Lacroix98,
  AUTHOR =       "Z. Lacroix and C. Delobel and P. Breche",
  TITLE =        "Object Views",
  JOURNAL =      "Networking and Information Systems",
  YEAR =         "1998",
  volume =       "Vol.1",
  number =       "N.3",
  pages =        "pp.231-250",}

@BOOK{Lausen97,
  AUTHOR =       "G. Lausen and G. Vossen",
  TITLE =        "Models and Languages of Object-Oriented Databases",
  PUBLISHER =    "Addison-Wesley",
  YEAR =         "1997",
  edition =      "Second",}

@INPROCEEDINGS{Lerner00,
  AUTHOR =       {Barbara Staudt Lerner},
  TITLE =        {A Model for Compound Type Changes Encountered in Schema Evolution},
  BOOKTITLE =    {ACM Transactions on Database Systems},
  YEAR =         {2000},
  volume =       {25},
  number =       {1},
  pages =        {83-127},
  month =        {March},
  organization = {ACM Inc.},}

@INPROCEEDINGS{Maier86,
  AUTHOR =       "D. Maier and J. Stein",
  TITLE =        "Indexing in an Object Oriented Database",
  BOOKTITLE =    "Proceding of IEEE, Worshop of Oriented Object DBMS",
  YEAR =         "1986",
  pages =        "3-21",
  address =      "Asilomar,CA",
  month =        "September",}

@INPROCEEDINGS{Missikoff89,
  AUTHOR =       "M. Missikoff and M. Scholl",
  TITLE =        "An Algorithm for Insertion into a Lattice: Application to Type Classification",
  BOOKTITLE =    "Proceedings of International Conference on Foundations of Data Organization and Algorithms",
  YEAR =         "1989",
  pages =        "64-82",}

@TECHREPORT{Moss90,
  AUTHOR =       "J.E. Moss",
  TITLE =        "Working with Persitent Objects: to Swizzle or not to Swizzle.",
  INSTITUTION =  "Department of Computer and Information Science. University of Massachusetts",
  YEAR =         "1990",
  type =         "COINS",
  number =       "90-38",}

@INPROCEEDINGS{Nierstrasz89,
  AUTHOR =       "O. Nierstrasz",
  TITLE =        "A Survey of Object Oriented Concept",
  BOOKTITLE =    "Object Oriented Concepts, Databases and Applications",
  YEAR =         "1989",
  pages =        "3-21",}

@PHDTHESIS{Odberg95,
  AUTHOR =       "Erik Odberg",
  TITLE =        "MultiPerspectives: Object Evolution and Schema Modification Management for Object-Oriented Databases",
  SCHOOL =       "Department of Computer Systems and Telematics, Norwegian Institute of Technology",
  YEAR =         "1995",
  _address =      "",
  month =        "February",}

@INBOOK{Ozsu94,
  AUTHOR =       "M. T. Özsu and U. Dayal and P. Valduriez",
  TITLE =        "Introduction to Distributed Object Management",
  CHAPTER =      "Distributed Object Management",
  PUBLISHER =    "Morgan Kaufmann",
  YEAR =         "1994",}

@ARTICLE{Proper97,
  AUTHOR =       "H.A. Proper",
  TITLE =        "Data Schema Design as a Schema Evolution Process",
  JOURNAL =      "Data and knowledge engineering",
  YEAR =         "1997",
  volume =       "Vol 22",
  number =       "Nº2",
  pages =        "pp.159-189",}

@INPROCEEDINGS{Rundensteiner92,
  AUTHOR =       "E.A. Rundensteiner",
  TITLE =        "Multiview: A Methodology for Supporting Multiple Views in Object-Oriented Databases",
  BOOKTITLE =    "Proceedings of the International Conference on Very Large Databases {(VLDB 92)}",
  YEAR =         "1992",
  pages =        "187-198",}

@INPROCEEDINGS{Shilling89,
  AUTHOR =       "J.J. Shilling and P.F. Sweeney",
  TITLE =        "Three Steps to Views: Extending the Object-Oriented Paradigm",
  BOOKTITLE =    "Proceedings of the Conference on Object Oriented Programming Systems and Languages",
  YEAR =         "1989",}

@INPROCEEDINGS{Samos95,
  AUTHOR =       "J. Samos",
  TITLE =        "Definition of External Schemas in Object Oriented Databases",
  BOOKTITLE =    "Proceedings of International Conference on Object Oriented Information Systems {(OOIS 95)}",
  YEAR =         "1995",
  pages =        "154-166",}

@PHDTHESIS{Samos97,
  AUTHOR =       "J. Samos",
  TITLE =        "Definition of External Schemas and Derived Classes in Object-Oriented Databases",
  SCHOOL =       "Departament de Llenguatges i Sistemes Inform\'atics, Universitat Polit\'ecnica de Catalunya",
  YEAR =         "1997",
  address =      "Cataluña, España.",}

@INPROCEEDINGS{Santos94,
  AUTHOR =       "C. S. Santos and S. Abiteboul and C. Delobel",
  TITLE =        "Virtual schemas and bases",
  BOOKTITLE =    "Proceedings of International Conference on Extending Database Technology {(EDBT 94)}",
  YEAR =         "1994",
  pages =        "81-94",}

@INPROCEEDINGS{Santos95,
  AUTHOR =       "C. S. Santos",
  TITLE =        "Design and Implementation of Object-Oriented Views",
  BOOKTITLE =    "Proceedings of International Conference Database and Expert Systems Applications {(DEXA 95)}",
  YEAR =         "1995",
  pages =        "91-102",}

@INPROCEEDINGS{Scholl91,
  AUTHOR =       "M. H. Scholl and C. Laasch and M. Tresch",
  TITLE =        "Updatable Views in Object Oriented Databases",
  BOOKTITLE =    "Proceedings of Deductive and Object-Oriented Databases {(DOOD 91)}",
  YEAR =         "1991",
  pages =        "189-207",}

@ARTICLE{Scholl91a,
  AUTHOR =       "M. H. Scholl and H. J. Schek",
  TITLE =        "Supporting Views in Object Oriented Databases",
  JOURNAL =      "IEEE Database Engineering",
  YEAR =         "1991",
  volume =       "14",
  number =       "2",
  pages =        "43-47",}

@INPROCEEDINGS{Scholl92,
  AUTHOR =       "M. H. Scholl and H. J. Schek M. Tresch",
  TITLE =        "Object Algebra and Views for Multi-Objectbases",
  BOOKTITLE =    "Proceedings of International Workshop on Distributed Object Management",
  YEAR =         "1992",
  pages =        "353-374",}

@TECHREPORT{Scholl92a,
  AUTHOR =       "M. H. Scholl and H. J. Schek and C. Rich and C. Laasch",
  TITLE =        "The COCOON Object Model",
  INSTITUTION =  "Department of Computer Science. ETH Zurich",
  YEAR =         "1992",}

@INPROCEEDINGS{Thieme93,
    author = "Christiaan Thieme and Arno Siebes",
    title = "Schema Integration in Object-Oriented Databases",
    booktitle = "Conference on Advanced Information Systems Engineering",
    pages = "54-70",
    year = "1993",
    url = "citeseer.ist.psu.edu/thieme93schema.html" }

@PHDTHESIS{Torres02,
  AUTHOR =       "Manuel Torres",
  TITLE =        "Definición de esquemas externos en bases de datos ODMG",
  SCHOOL =       "Universidad de Almería, Departamento de Lenguajes y Computación",
  YEAR =         "2002",
  address =      "Almería, España.",}

@ARTICLE{Tsichritzis76,
  AUTHOR =       "D. Tsichritzis and F. H. Lochovsky",
  TITLE =        "Hierarchical Data-Base Management: A Survey",
  JOURNAL =      "ACM Computing Surveys",
  YEAR =         "1976",
  volume =       "Vol 8",
  number =       "Nº 1",
  pages =        "pages 105-123",}

@ARTICLE{Zicari91,
  AUTHOR =       "Roberto Zicari",
  TITLE =        "Framework for schema updates in an object-oriented database system",
  JOURNAL =      "Proceedings of international conference on data engineering of IEEE",
  YEAR =         "1991",
  volume =       "Vol 1",
  number =       "Nº 7",
  pages =        "pages 2-13",
  month =        "April",
  note =         "Kobe, Japan",}

% ---------------------------------------------------------------------
% -- bibliografia de grupo
% ---------------------------------------------------------------------

@ARTICLE{001,
  AUTHOR =       "Sulema Torres-Ramos",
  TITLE =        "Estudio sobre métodos tipo Lesk usados para la desambiguación de sentidos de palabras",
  JOURNAL =      "Research in Computing Science ",
  YEAR =         "2012",
  volume =       "47",
  pages =        "139 – 158",}

@INPROCEEDINGS{002,
  title=        "Automatic sense disambiguation using machine readable dictionaries: how to tell a pine cone from an ice cream cone",
  author=       "Michael E. Lesk",
  booktitle=    "SIGDOC '86",
  year=         "1986",}

@INPROCEEDINGS{003,
  author=         "Patwardhan, Siddharth and Banerjee, Satanjeev and Pedersen, Ted",
  title=          "Using Measures of Semantic Relatedness for Word Sense Disambiguation",
  booktitle=      "Computational Linguistics and Intelligent Text Processing",
  year=           "2003",
  publisher=      "Springer Berlin Heidelberg",
  address=        "Berlin, Heidelberg",
  pages=          "241--257",}

@ARTICLE{004,
  author =        "A. Kilgarriff and J. Rosenzweig",
  journal =       "Computers and the Humanities",
  number =        "1/2",
  pages =         "15-48",
  publisher =     "Springer",
  title =         "Framework and Results for English SENSEVAL",
  volume =        "34",
  year =          "2000",}

@INPROCEEDINGS{005,
  title =         "Lexical Disambiguation using Simulated Annealing",
  author =        "Cowie, Jim and Guthrie, Joe  and Guthrie, Louise",
  booktitle =     "COLING 1992 Volume 1: The 14th International Conference on Computational Linguistics",
  year =          "1992",
  url =           "https://aclanthology.org/C92-1056",}

@INPROCEEDINGS{006,
  author=         "Banerjee, Satanjeev and Pedersen, Ted",
  editor=         "Gelbukh, Alexander",
  title=          "An Adapted Lesk Algorithm for Word Sense Disambiguation Using WordNet",
  booktitle=      "Computational Linguistics and Intelligent Text Processing",
  year=           "2002",
  publisher=      "Springer Berlin Heidelberg",
  address=        "Berlin, Heidelberg",
  pages=          "136--145",}

@INPROCEEDINGS{007,
  title=          "Mathematical structures of language",
  author=         "Zellig S. Harris",
  booktitle=      "Interscience tracts in pure and applied mathematics",
  year=           "1968",}

@ARTICLE{008,
  author =          "George A. Miller and Walter G. Charles",
  title =           "Contextual correlates of semantic similarity",
  journal =         "Language and Cognitive Processes",
  volume =          "6",
  number =          "1",
  pages =           "1-28",
  year  =           "1991",
  publisher =       "Routledge",}

@ARTICLE{009,
  title =           "Automatic Word Sense Discrimination",
  author =          "Sch{\"u}tze, Hinrich",
  journal =         "Computational Linguistics",
  volume =          "24",
  number =          "1",
  year =            "1998",
  address =         "Cambridge, MA",
  publisher =       "MIT Press",
  pages =           "97--123",}

@INPROCEEDINGS{010,
  title=            "Comparing corpora using frequency profiling",
  author=           "Rayson, Paul and Garside, Roger",
  booktitle=        "The workshop on comparing corpora",
  pages=            "1--6",
  year=             "2000",}

@ARTICLE{011,
  title=            "Word association norms, mutual information, and lexicography",
  author=           "Church, Kenneth and Hanks, Patrick",
  journal=          "Computational linguistics",
  volume=           "16",
  number=           "1",
  pages=            "22--29",
  year=             "1990",}

@PHDTHESIS{012,
  title=            "Resoluci{\'o}n de la ambig{\"u}edad sem{\'a}ntica mediante m{\'e}todos basados en conocimiento y su aportaci{\'o}n a tareas de PLN",
  author=           "P{\'e}rez, Sonia V{\'a}zquez",
  year=             "2009",
  school=           "Universitat d'Alacant-Universidad de Alicante",}

@ARTICLE{013,
  title=            "Indexing by latent semantic analysis",
  author=           "Deerwester, Scott and Dumais, Susan T and Furnas, George W and Landauer, Thomas K and Harshman, Richard",
  journal=          "Journal of the American society for information science",
  volume=           "41",
  number=           "6",
  pages=            "391--407",
  year=             "1990",
  publisher=        "Wiley Online Library",}

@INPROCEEDINGS{014,
  title=            "Document clustering with committees",
  author=           "Pantel, Patrick and Lin, Dekang",
  booktitle=        "Proceedings of the 25th annual international ACM SIGIR conference on Research and development in information retrieval",
  pages=            "199--206",
  year=             "2002",}

@ARTICLE{015,
  title=            "Distinguishing word senses in untagged text",
  author=           "Pedersen, Ted and Bruce, Rebecca",
  journal=          "arXiv preprint cmp-lg/9706008",
  year=             "1997",}

@book{016,
  title     =  "Machine learning",
  author    =  "Mitchell, Tom M",
  volume    =  "1",
  number    =  "9",
  year      =  "1997",
  publisher =  "McGraw-hill New York",}




@inproceedings{017,
  title     = "Proceedings of SENSEVAL-2 Second International Workshop on Evaluating Word Sense Disambiguation Systems",
  author    =  "Preiss, Judita and Yarowsky, David",
  booktitle = "Proceedings of SENSEVAL-2 Second International Workshop on Evaluating Word Sense Disambiguation Systems",
  year      = "2001",}


@inproceedings{018,
  title     = "Senseval-3: Third International Workshop on the Evaluation of Systems for the Semantic Analysis of Text",
  author    = "Mihalcea, Rada and Edmonds, Phil",
  booktitle = "Association for Computational Linguistics. ACL",
  volume    = "4",
  year      = "2004",}


@book{019,
  title     = "Statistical Learning Theory",
  author    = "Vapnik, V.N.",
  isbn      = "9788126528929",
  lccn      = "97037075",
  series    = "Adaptive and learning systems for signal processing, communications, and control",
  url       = "https://books.google.com.pe/books?id=RWrlkQEACAAJ",
  year      = "1998",
  publisher = "Wiley",}


@book{020,
  title     = "Pattern classification",
  author    = "Hart, Peter E and Stork, David G and Duda, Richard O",
  year      = "2000",
  publisher = "Wiley Hoboken",}

@inproceedings{021,
  title={A comparison of two learning algorithms for text categorization},
  author={Lewis, David D and Ringuette, Marc},
  booktitle={Third annual symposium on document analysis and information retrieval},
  volume={33},
  pages={81--93},
  year={1994}
}

@article{022,
  title={A Bayesian hybrid method for context-sensitive spelling correction},
  author={Golding, Andrew R},
  journal={arXiv preprint cmp-lg/9606001},
  year={1996}
}

@article{023,
  title={Using corpus statistics and WordNet relations for sense identification},
  author={Leacock, Claudia and Chodorow, Martin and Miller, George A},
  journal={Computational Linguistics},
  volume={24},
  number={1},
  pages={147--165},
  year={1998}
}

@article{024,
  title={Naive Bayes and exemplar-based approaches to word sense disambiguation revisited},
  author={Escudero, Gerard and M{\`a}rquez, Llu{\'\i}s and Rigau, German},
  journal={arXiv preprint cs/0007011},
  year={2000}
}

@article{025,
  title={Comparative experiments on disambiguating word senses: An illustration of the role of bias in machine learning},
  author={Mooney, Raymond J},
  journal={arXiv preprint cmp-lg/9612001},
  year={1996}
}

@inproceedings{026,
  title={Naive mixes for word sense disambiguation},
  author={Pedersen, Ted},
  booktitle={AAAI/IAAI},
  pages={841},
  year={1997}
}

@article{027,
  title={Learning decision lists},
  author={Rivest, Ronald L},
  journal={Machine learning},
  volume={2},
  number={3},
  pages={229--246},
  year={1987},
  publisher={Springer}
}

@article{028,
  title={Induction of decision trees},
  author={Quinlan, J. Ross},
  journal={Machine learning},
  volume={1},
  number={1},
  pages={81--106},
  year={1986},
  publisher={Springer}
}

@book{029,
  title={C4. 5: programs for machine learning},
  author={Quinlan, J Ross},
  year={2014},
  publisher={Elsevier}
}

@article{030,
  title={Decision lists for lexical ambiguity resolution: Application to accent restoration in Spanish and French},
  author={Yarowsky, David},
  journal={arXiv preprint cmp-lg/9406034},
  year={1994}
}

@inproceedings{031,
  title={Unsupervised word sense disambiguation rivaling supervised methods},
  author={Yarowsky, David},
  booktitle={33rd annual meeting of the association for computational linguistics},
  pages={189--196},
  year={1995}
}


